@Comment{$ biblatex control file $}
@Comment{$ biblatex version 2.9 $}
Do not modify this file!

This is an auxiliary file used by the 'biblatex' package.
This file may safely be deleted. It will be recreated as
required.

@Control{biblatex-control,
  options = {2.9:0:0:1:0:1:1:0:0:0:0:1:3:1:79:+:nty},
}


@misc{chen2018encoderdecoder,
      title={Encoder-Decoder with Atrous Separable Convolution for Semantic Image Segmentation}, 
      author={Liang-Chieh Chen and Yukun Zhu and George Papandreou and Florian Schroff and Hartwig Adam},
      year={2018},
      eprint={1802.02611},
      archivePrefix={arXiv},
      primaryClass={cs.CV}
}

